@Manual{R-base,
  title = {R: A Language and Environment for Statistical Computing},
  author = {{R Core Team}},
  organization = {R Foundation for Statistical Computing},
  address = {Vienna, Austria},
  year = {2018},
  url = {https://www.R-project.org/},
}
@Manual{R-bindrcpp,
  title = {bindrcpp: An 'Rcpp' Interface to Active Bindings},
  author = {Kirill Müller},
  year = {2018},
  note = {R package version 0.2.2},
  url = {https://CRAN.R-project.org/package=bindrcpp},
}
@Manual{R-bookdown,
  title = {bookdown: Authoring Books and Technical Documents with R Markdown},
  author = {Yihui Xie},
  year = {2018},
  note = {R package version 0.7},
  url = {https://CRAN.R-project.org/package=bookdown},
}
@Manual{R-deSolve,
  title = {deSolve: Solvers for Initial Value Problems of Differential Equations
('ODE', 'DAE', 'DDE')},
  author = {Karline Soetaert and Thomas Petzoldt and R. Woodrow Setzer},
  year = {2018},
  note = {R package version 1.21},
  url = {https://CRAN.R-project.org/package=deSolve},
}
@Manual{R-dplyr,
  title = {dplyr: A Grammar of Data Manipulation},
  author = {Hadley Wickham and Romain Francois and Lionel Henry and Kirill Müller},
  year = {2017},
  note = {R package version 0.7.4},
  url = {https://CRAN.R-project.org/package=dplyr},
}
@Manual{R-fitdistrplus,
  title = {fitdistrplus: Help to Fit of a Parametric Distribution to Non-Censored or
Censored Data},
  author = {Marie-Laure Delignette-Muller and Christophe Dutang and Aurélie Siberchicot},
  year = {2017},
  note = {R package version 1.0-9},
  url = {https://CRAN.R-project.org/package=fitdistrplus},
}
@Manual{R-ggplot2,
  title = {ggplot2: Create Elegant Data Visualisations Using the Grammar of Graphics},
  author = {Hadley Wickham and Winston Chang},
  year = {2016},
  note = {R package version 2.2.1},
  url = {https://CRAN.R-project.org/package=ggplot2},
}
@Manual{R-knitr,
  title = {knitr: A General-Purpose Package for Dynamic Report Generation in R},
  author = {Yihui Xie},
  year = {2018},
  note = {R package version 1.20},
  url = {https://CRAN.R-project.org/package=knitr},
}
@Manual{R-mc2d,
  title = {mc2d: Tools for Two-Dimensional Monte-Carlo Simulations},
  author = {Regis Pouillot},
  year = {2017},
  note = {R package version 0.1-18},
  url = {https://CRAN.R-project.org/package=mc2d},
}
@Manual{R-minpack.lm,
  title = {minpack.lm: R Interface to the Levenberg-Marquardt Nonlinear Least-Squares
Algorithm Found in MINPACK, Plus Support for Bounds},
  author = {Timur V. Elzhov and Katharine M. Mullen and Andrej-Nikolai Spiess and Ben Bolker},
  year = {2016},
  note = {R package version 1.2-1},
  url = {https://CRAN.R-project.org/package=minpack.lm},
}
@Manual{R-mvtnorm,
  title = {mvtnorm: Multivariate Normal and t Distributions},
  author = {Alan Genz and Frank Bretz and Tetsuhisa Miwa and Xuefei Mi and Torsten Hothorn},
  year = {2018},
  note = {R package version 1.0-7},
  url = {https://CRAN.R-project.org/package=mvtnorm},
}
@Manual{R-nls2,
  title = {nls2: Non-linear regression with brute force},
  author = {G. Grothendieck},
  year = {2013},
  note = {R package version 0.2},
  url = {https://CRAN.R-project.org/package=nls2},
}
@Manual{R-nlsMicrobio,
  title = {nlsMicrobio: Nonlinear regression in predictive microbiology},
  author = {Florent Baty and Marie-Laure Delignette-Muller},
  year = {2014},
  note = {R package version 0.0-1},
  url = {https://CRAN.R-project.org/package=nlsMicrobio},
}
@Manual{R-nlstools,
  title = {nlstools: Tools for Nonlinear Regression Analysis},
  author = {Florent Baty and Marie-Laure Delignette-Muller and with contributions from Sandrine Charles and Jean-Pierre Flandrois and and Christian Ritz},
  year = {2015},
  note = {R package version 1.0-2},
  url = {https://CRAN.R-project.org/package=nlstools},
}
@Manual{R-proto,
  title = {proto: Prototype Object-Based Programming},
  author = {Gabor Grothendieck and Louis Kates and Thomas Petzoldt},
  year = {2016},
  note = {R package version 1.0.0},
  url = {https://CRAN.R-project.org/package=proto},
}
@Manual{R-rmarkdown,
  title = {rmarkdown: Dynamic Documents for R},
  author = {JJ Allaire and Yihui Xie and Jonathan McPherson and Javier Luraschi and Kevin Ushey and Aron Atkins and Hadley Wickham and Joe Cheng and Winston Chang},
  year = {2018},
  note = {R package version 1.9},
  url = {https://CRAN.R-project.org/package=rmarkdown},
}
@Manual{R-rriskDistributions,
  title = {rriskDistributions: Fitting Distributions to Given Data or Known Quantiles},
  author = {Natalia Belgorodski and Matthias Greiner and Kristin Tolksdorf and Katharina Schueller},
  year = {2017},
  note = {R package version 2.1.2},
  url = {https://CRAN.R-project.org/package=rriskDistributions},
}
@Manual{R-segmented,
  title = {segmented: Regression Models with Break-Points / Change-Points Estimation},
  author = {Vito M. R. Muggeo},
  year = {2017},
  note = {R package version 0.5-3.0},
  url = {https://CRAN.R-project.org/package=segmented},
}
@Manual{R-stringr,
  title = {stringr: Simple, Consistent Wrappers for Common String Operations},
  author = {Hadley Wickham},
  year = {2018},
  note = {R package version 1.3.1},
  url = {https://CRAN.R-project.org/package=stringr},
}
@Manual{R-tidyr,
  title = {tidyr: Easily Tidy Data with 'spread()' and 'gather()' Functions},
  author = {Hadley Wickham and Lionel Henry},
  year = {2018},
  note = {R package version 0.8.0},
  url = {https://CRAN.R-project.org/package=tidyr},
}
@Manual{R-tidyverse,
  title = {tidyverse: Easily Install and Load the 'Tidyverse'},
  author = {Hadley Wickham},
  year = {2017},
  note = {R package version 1.2.1},
  url = {https://CRAN.R-project.org/package=tidyverse},
}
@Manual{R-viridis,
  title = {viridis: Default Color Maps from 'matplotlib'},
  author = {Simon Garnier},
  year = {2018},
  note = {R package version 0.5.1},
  url = {https://CRAN.R-project.org/package=viridis},
}
@Manual{R-viridisLite,
  title = {viridisLite: Default Color Maps from 'matplotlib' (Lite Version)},
  author = {Simon Garnier},
  year = {2018},
  note = {R package version 0.3.0},
  url = {https://CRAN.R-project.org/package=viridisLite},
}
